@book{lynch1984good,
  title={Good city form},
  author={Lynch, Kevin},
  year={1984},
  publisher={MIT Press}
}
@misc{Urbanpop19:online,
author = {The World Bank},
title = {Urban population (\% of total) | Data},
howpublished = {\url{https://data.worldbank.org/indicator/SP.URB.TOTL.IN.ZS?end=2016&start=1960&view=chart}},
month = {},
year = {},
note = {(Accessed on Jan 24, 2018)}
}
@article{molotch1976city,
  title={The city as a growth machine: Toward a political economy of place},
  author={Molotch, Harvey},
  journal={American journal of sociology},
  volume={82},
  number={2},
  pages={309--332},
  year={1976},
  publisher={University of Chicago Press}
}
@article{mcfarlane2011city,
  title={The city as a machine for learning},
  author={McFarlane, Colin},
  journal={Transactions of the Institute of British Geographers},
  volume={36},
  number={3},
  pages={360--376},
  year={2011},
  publisher={Wiley Online Library}
}
@incollection{lloyd2001city,
  title={The city as an entertainment machine},
  author={Lloyd, Richard and Nichols Clark, Terry},
  booktitle={Critical perspectives on urban redevelopment},
  pages={357--378},
  year={2001},
  publisher={Emerald Group Publishing Limited}
}
@article{oke1973city,
  title={City size and the urban heat island},
  author={Oke, Tim R},
  journal={Atmospheric Environment},
  volume={7},
  number={8},
  pages={769--779},
  year={1973},
  publisher={Elsevier}
}
@article{sen2018albedo,
  title={Albedo estimation of finite-sized concrete specimens},
  author={Sen, Sushobhan and Roesler, Jeffery},
  journal={ASTM Journal of Testing and Evaluation},
  year={In Press},
}
@article{sen2016aging,
  title={Aging albedo model for asphalt pavement surfaces},
  author = {Sen, Sushobhan and Roesler, Jeffery},
  journal={Journal of Cleaner Production},
  volume={117},
  pages={169--175},
  year={2016},
  publisher={Elsevier}
}
@article{sen2017microscale,
  title={Microscale Heat Island Characterization of Rigid Pavements},
  author={Sen, Sushobhan and Roesler, Jeffery},
  journal={Transportation Research Record: Journal of the Transportation Research Board},
  number={2639},
  pages={73--83},
  year={2017},
  publisher={Transportation Research Board of the National Academies}
}
@incollection{sen2017uncoupled,
  title={An uncoupled pavement-urban canyon model for heat islands},
  author={Sen, Sushobhan and Roesler, Jeffery},
  editor={Al-Qadi, Imad L., Hasan Ozer and John Harvey},
  booktitle={Pavement Life-Cycle Assessment: Proceedings of the Symposium on Life-Cycle Assessment of Pavements (Pavement LCA 2017)},
  year={2017},
  pages={111--120},
  publisher={CRC Press}  
}
@article{berdahl1997preliminary,
  title={Preliminary survey of the solar reflectance of cool roofing materials},
  author={Berdahl, Paul and Bretz, Sarah E},
  journal={Energy and Buildings},
  volume={25},
  number={2},
  pages={149--158},
  year={1997},
  publisher={Elsevier}
}
@article{niachou2001analysis,
  title={Analysis of the green roof thermal properties and investigation of its energy performance},
  author={Niachou, Aikaterini and Papakonstantinou, Konstantinos and Santamouris, Mat and Tsangrassoulis, Aris and Mihalakakou, G},
  journal={Energy and buildings},
  volume={33},
  number={7},
  pages={719--729},
  year={2001},
  publisher={Elsevier}
}
@article{sun2012can,
  title={How can urban water bodies be designed for climate adaptation?},
  author={Sun, Ranhao and Chen, Liding},
  journal={Landscape and Urban Planning},
  volume={105},
  number={1},
  pages={27--33},
  year={2012},
  publisher={Elsevier}
}
@article{gallo1993use,
  title={The use of a vegetation index for assessment of the urban heat island effect},
  author={Gallo, KP and McNab, AL and Karl, Thomas R and Brown, JF and Hood, JJ and Tarpley, JD},
  journal={Remote Sensing},
  volume={14},
  number={11},
  pages={2223--2230},
  year={1993},
  publisher={Taylor \& Francis}
}
@article{blocken2015computational,
  title={Computational Fluid Dynamics for urban physics: Importance, scales, possibilities, limitations and ten tips and tricks towards accurate and reliable simulations},
  author={Blocken, Bert},
  journal={Building and Environment},
  volume={91},
  pages={219--245},
  year={2015},
  publisher={Elsevier}
}